@article{Bryngelson1995,
  author =        {Bryngelson, Joseph D. and Onuchic, Jos{\'{e}} Nelson and
                   Socci, Nicholas D. and Wolynes, Peter G.},
  journal =       {Proteins: Structure, Function, and Bioinformatics},
  number =        {3},
  pages =         {167--195},
  title =         {{Funnels, pathways, and the energy landscape of
                   protein folding: A synthesis}},
  volume =        {21},
  year =          {1995},
  doi =           {10.1002/prot.340210302},
}
@article{Onuchic1997,
  author =        {Onuchic, Jos{\'{e}} Nelson and Luthey-Schulten, Zaida and
                   Wolynes, Peter G.},
  journal =       {Annual Review of Physical Chemistry},
  number =        {1},
  pages =         {545--600},
  title =         {{Theory of Protein Folding: The Energy Landscape
                   Perspective}},
  volume =        {48},
  year =          {1997},
  doi =           {10.1146/annurev.physchem.48.1.545},
}
@article{Boehr2006,
  author =        {Boehr, David D. and McElheny, Dan and Dyson, H. Jane and
                   Wrightt, Peter E.},
  journal =       {Science},
  number =        {5793},
  pages =         {1638--1642},
  title =         {{The dynamic energy landscape of dihydrofolate
                   reductase catalysis}},
  volume =        {313},
  year =          {2006},
  doi =           {10.1126/science.1130258},
}
@article{Kerns2015,
  author =        {Kerns, S. Jordan and Agafonov, Roman V. and
                   Cho, Young Jin and Pontiggia, Francesco and
                   Otten, Renee and Pachov, Dimitar V. and
                   Kutter, Steffen and Phung, Lien A. and
                   Murphy, Padraig N. and Thai, Vu and Alber, Tom and
                   Hagan, Michael F. and Kern, Dorothee},
  journal =       {Nature Structural and Molecular Biology},
  number =        {2},
  pages =         {124--131},
  publisher =     {Nature Publishing Group},
  title =         {{The energy landscape of adenylate kinase during
                   catalysis}},
  volume =        {22},
  year =          {2015},
  doi =           {10.1038/nsmb.2941},
}
@article{Guo2018a,
  author =        {Guo, Chenxi and Wang, Ziyun and Wang, Dong and
                   Wang, Hai Feng and Hu, P.},
  journal =       {Journal of Physical Chemistry C},
  number =        {37},
  pages =         {21478--21483},
  title =         {{First-Principles Determination of CO Adsorption and
                   Desorption on Pt(111) in the Free Energy Landscape}},
  volume =        {122},
  year =          {2018},
  doi =           {10.1021/acs.jpcc.8b06782},
}
@article{Richardson2016,
  author =        {Richardson, Jeremy O. and
                   P{\'{e}}rez, Crist{\'{o}}bal and Lobsiger, Simon and
                   Reid, Adam A. and Temelso, Berhane and
                   Shields, George C. and Kisiel, Zbigniew and
                   Wales, David J. and Pate, Brooks H. and
                   Althorpe, Stuart C.},
  journal =       {Science},
  number =        {6279},
  pages =         {1310},
  title =         {{Concerted hydrogen-bond breaking by quantum
                   tunneling in the water hexamer prism}},
  volume =        {351},
  year =          {2016},
}
@article{Vaillant2019,
  author =        {Vaillant, Christophe L. and Althorpe, Stuart C. and
                   Wales, David J.},
  journal =       {Journal of Chemical Theory and Computation},
  number =        {1},
  pages =         {33--42},
  title =         {{Path Integral Energy Landscapes for Water Clusters}},
  volume =        {15},
  year =          {2019},
  doi =           {10.1021/acs.jctc.8b00675},
}
@article{Richard2018,
  author =        {Richard, David and Speck, Thomas},
  journal =       {The Journal of Chemical Physics},
  number =        {12},
  pages =         {124110},
  title =         {{Crystallization of hard spheres revisited. I.
                   Extracting kinetics and free energy landscape from
                   forward flux sampling}},
  volume =        {148},
  year =          {2018},
  doi =           {10.1063/1.5016277},
}
@article{Wales1998,
  author =        {Wales, David J. and Miller, Mark A. and
                   Walsh, Tiffany R.},
  journal =       {Nature},
  number =        {6695},
  pages =         {758--760},
  title =         {{Archetypal energy landscapes}},
  volume =        {394},
  year =          {1998},
  doi =           {10.1038/29487},
}
@article{Wales2012,
  author =        {Wales, David J.},
  journal =       {Philosophical Transactions of the Royal Society A},
  number =        {1969},
  pages =         {2877--2899},
  title =         {{Decoding the energy landscape: Extracting structure,
                   dynamics and thermodynamics}},
  volume =        {370},
  year =          {2012},
  doi =           {10.1098/rsta.2011.0208},
}
@article{Panter2019,
  author =        {Panter, J. R. and Chen, J. and Zhang, T. and
                   Kusumaatmaja, H.},
  journal =       {Communications Physics},
  number =        {1},
  pages =         {151},
  publisher =     {Springer US},
  title =         {{Harnessing energy landscape exploration to control
                   the buckling of cylindrical shells}},
  volume =        {2},
  year =          {2019},
  doi =           {10.1038/s42005-019-0251-4},
}
@article{Hutchinson2018,
  author =        {Hutchinson, John W. and Thompson, J. Michael T.},
  journal =       {International Journal of Solids and Structures},
  pages =         {157--168},
  publisher =     {Elsevier Ltd},
  title =         {{Imperfections and energy barriers in shell
                   buckling}},
  volume =        {148-149},
  year =          {2018},
  doi =           {10.1016/j.ijsolstr.2018.01.030},
}
@article{Zhang2014,
  author =        {Zhang, Yanan and Ren, Weiqing},
  journal =       {The Journal of Chemical Physics},
  number =        {24},
  pages =         {244705},
  title =         {{Numerical study of the effects of surface topography
                   and chemistry on the wetting transition using the
                   string method}},
  volume =        {141},
  year =          {2014},
  doi =           {10.1063/1.4904947},
}
@article{Panter2019b,
  author =        {Panter, J. R. and Gizaw, Y. and Kusumaatmaja, H.},
  journal =       {Science Advances},
  number =        {6},
  pages =         {eaav7328},
  publisher =     {American Association for the Advancement of Science},
  title =         {{Multifaceted design optimization for superomniphobic
                   surfaces}},
  volume =        {5},
  year =          {2019},
  doi =           {10.1126/sciadv.aav7328},
}
@article{Amabili2017,
  author =        {Amabili, Matteo and Giacomello, Alberto and
                   Meloni, Simone and Casciola, Carlo Massimo},
  journal =       {Physical Review Fluids},
  number =        {3},
  pages =         {034202},
  title =         {{Collapse of superhydrophobicity on nanopillared
                   surfaces}},
  volume =        {2},
  year =          {2017},
  doi =           {10.1103/PhysRevFluids.2.034202},
}
@article{Othayoth2020,
  author =        {Othayoth, Ratan and Thoms, G and Li, Chen},
  journal =       {Proceedings of the National Academy of Sciences of
                   the United States of America},
  number =        {26},
  pages =         {14987--14995},
  title =         {{An energy landscape approach to locomotor
                   transitions in complex 3D terrain}},
  volume =        {117},
  year =          {2020},
  doi =           {10.1073/pnas.1918297117},
}
@article{Filipov2015,
  author =        {Filipov, Evgueni T and Tachi, Tomohiro and
                   Paulino, Glaucio H and Weitz, David A},
  journal =       {Proceedings of the National Academy of Sciences of
                   the United States of America},
  number =        {40},
  pages =         {12321},
  title =         {{Origami tubes assembled into stiff, yet
                   reconfigurable structures and metamaterials}},
  volume =        {112},
  year =          {2015},
  doi =           {10.1073/pnas.1509465112},
}
@article{Zhai2018,
  author =        {Zhai, Zirui and Wang, Yong and Jiang, Hanqing},
  journal =       {Proceedings of the National Academy of Sciences of
                   the United States of America},
  number =        {9},
  pages =         {2032--2037},
  publisher =     {National Academy of Sciences},
  title =         {{Origami-inspired, on-demand deployable and
                   collapsible mechanical metamaterials with tunable
                   stiffness}},
  volume =        {115},
  year =          {2018},
  doi =           {10.1073/pnas.1720171115},
}
@article{Bertoldi2017,
  author =        {Bertoldi, Katia and Vitelli, Vincenzo and
                   Christensen, Johan and {Van Hecke}, Martin},
  journal =       {Nature Reviews Materials},
  pages =         {17066},
  title =         {{Flexible mechanical metamaterials}},
  volume =        {2},
  year =          {2017},
  doi =           {10.1038/natrevmats.2017.66},
}
@article{Truby2016,
  author =        {Truby, Ryan L. and Lewis, Jennifer A.},
  journal =       {Nature},
  number =        {7633},
  pages =         {371--378},
  title =         {{Printing soft matter in three dimensions}},
  volume =        {540},
  year =          {2016},
  doi =           {10.1038/nature21003},
}
@article{Chi2022,
  author =        {Chi, Yinding and Li, Yanbin and Zhao, Yao and
                   Hong, Yaoye and Tang, Yichao and Yin, Jie},
  journal =       {Advanced Materials},
  number =        {19},
  pages =         {2110384},
  title =         {{Bistable and Multistable Actuators for Soft Robots:
                   Structures, Materials, and Functionalities}},
  volume =        {34},
  year =          {2022},
  doi =           {10.1002/adma.202110384},
}
@article{Bonfanti2020,
  author =        {Bonfanti, Silvia and Guerra, Roberto and
                   Font-Clos, Francesc and Rayneau-Kirkhope, Daniel and
                   Zapperi, Stefano},
  journal =       {Nature Communications},
  pages =         {4162},
  publisher =     {Springer US},
  title =         {{Automatic design of mechanical metamaterial
                   actuators}},
  volume =        {11},
  year =          {2020},
  doi =           {10.1038/s41467-020-17947-2},
}
@article{Shan2015,
  author =        {Shan, Sicong and Kang, Sung H. and Raney, Jordan R. and
                   Wang, Pai and Fang, Lichen and Candido, Francisco and
                   Lewis, Jennifer A. and Bertoldi, Katia},
  journal =       {Advanced Materials},
  number =        {29},
  pages =         {4296--4301},
  title =         {{Multistable Architected Materials for Trapping
                   Elastic Strain Energy}},
  volume =        {27},
  year =          {2015},
  doi =           {10.1002/adma.201501708},
}
@article{Giri2021,
  author =        {Giri, Tark Raj and Mailen, Russell},
  journal =       {International Journal of Mechanical Sciences},
  number =        {May},
  pages =         {106541},
  publisher =     {Elsevier Ltd},
  title =         {{Controlled snapping sequence and energy absorption
                   in multistable mechanical metamaterial cylinders}},
  volume =        {204},
  year =          {2021},
  doi =           {10.1016/j.ijmecsci.2021.106541},
}
@article{Cerjan1981,
  author =        {Cerjan, Charles J. and Miller, William H.},
  journal =       {The Journal of Chemical Physics},
  number =        {6},
  pages =         {2800--2806},
  title =         {{On finding transition states}},
  volume =        {75},
  year =          {1981},
  doi =           {10.1063/1.442352},
}
@article{Heyden2005,
  author =        {Heyden, Andreas and Bell, Alexis T. and
                   Keil, Frerich J.},
  journal =       {Journal of Chemical Physics},
  pages =         {224101},
  title =         {{Efficient methods for finding transition states in
                   chemical reactions: Comparison of improved dimer
                   method and partitioned rational function optimization
                   method}},
  volume =        {123},
  year =          {2005},
  doi =           {10.1063/1.2104507},
}
@article{Kastner2008,
  author =        {K{\"{a}}stner, Johannes and Sherwood, Paul},
  journal =       {Journal of Chemical Physics},
  pages =         {014106},
  title =         {{Superlinearly converging dimer method for transition
                   state search}},
  volume =        {128},
  year =          {2008},
  doi =           {10.1063/1.2815812},
}
@article{Zhang2016,
  author =        {Zhang, Lei and Du, Qiang and Zheng, Zhenzhen},
  journal =       {SIAM Journal on Scientific Computing},
  number =        {1},
  pages =         {A528--A544},
  title =         {{Optimization-based Shrinking Dimer Method for
                   Finding Transition States}},
  volume =        {38},
  year =          {2016},
  doi =           {10.1137/140972676},
}
@article{E2007,
  author =        {E, Weinan and Ren, Weiqing and Vanden-Eijnden, Eric},
  journal =       {The Journal of Chemical Physics},
  pages =         {164103},
  title =         {{Simplified and improved string method for computing
                   the minimum energy paths in barrier-crossing events}},
  volume =        {126},
  year =          {2007},
  doi =           {10.1063/1.2720838},
}
@article{Ren2013,
  author =        {Ren, Weiqing and Vanden-Eijnden, Eric},
  journal =       {Journal of Chemical Physics},
  pages =         {134105},
  title =         {{A climbing string method for saddle point search}},
  volume =        {138},
  year =          {2013},
  doi =           {10.1063/1.4798344},
}
@article{E2002,
  author =        {E, Weinan and Ren, Weiqing and Vanden-Eijnden, Eric},
  journal =       {Physical Review B},
  number =        {5},
  pages =         {052301},
  title =         {{String method for the study of rare events}},
  volume =        {66},
  year =          {2002},
  doi =           {10.1103/PhysRevB.66.052301},
}
@article{Trygubenko2004,
  author =        {Trygubenko, Semen A. and Wales, David J.},
  journal =       {Journal of Chemical Physics},
  number =        {5},
  pages =         {2082--2094},
  title =         {{A doubly nudged elastic band method for finding
                   transition states}},
  volume =        {120},
  year =          {2004},
  doi =           {10.1063/1.1636455},
}
@article{Wales2012a,
  author =        {Wales, David J. and Carr, Joanne M.},
  journal =       {Journal of Chemical Theory and Computation},
  number =        {12},
  pages =         {5020--5034},
  title =         {{Quasi-Continuous Interpolation Scheme for Pathways
                   between Distant Configurations}},
  volume =        {8},
  year =          {2012},
  doi =           {10.1021/ct3004832},
}
@article{Dewar1984,
  author =        {Dewar, Michael J. S. and Healy, Eamonn F. and
                   Stewart, James J. P.},
  journal =       {Journal of the Chemical Society, Faraday Transactions
                   2},
  number =        {3},
  pages =         {227},
  title =         {{Location of transition states in reaction
                   mechanisms}},
  volume =        {80},
  year =          {1984},
  doi =           {10.1039/f29848000227},
}
@article{Ionova1993,
  author =        {Ionova, Irina V. and Carter, Emily A.},
  journal =       {The Journal of Chemical Physics},
  number =        {8},
  pages =         {6377--6386},
  title =         {{Ridge method for finding saddle points on potential
                   energy surfaces}},
  volume =        {98},
  year =          {1993},
  doi =           {10.1063/1.465100},
}
@article{Miron2001,
  author =        {Miron, Radu A. and Fichthorn, Kristen A.},
  journal =       {The Journal of Chemical Physics},
  number =        {19},
  pages =         {8742--8747},
  title =         {{The Step and Slide method for finding saddle points
                   on multidimensional potential surfaces}},
  volume =        {115},
  year =          {2001},
  doi =           {10.1063/1.1412285},
}
@article{Zhang2013,
  author =        {Zhang, Xiao-Jie and Shang, Cheng and Liu, Zhi-Pan},
  journal =       {Journal of Chemical Theory and Computation},
  number =        {12},
  pages =         {5745--5753},
  title =         {{Double-Ended Surface Walking Method for Pathway
                   Building and Transition State Location of Complex
                   Reactions}},
  volume =        {9},
  year =          {2013},
  doi =           {10.1021/ct4008475},
}
@article{Trefethen2013,
  author =        {Trefethen, Anne E. and Thiyagalingam, Jeyarajan},
  journal =       {Journal of Computational Science},
  number =        {6},
  pages =         {444--449},
  publisher =     {Elsevier B.V.},
  title =         {{Energy-aware software: Challenges, opportunities and
                   strategies}},
  volume =        {4},
  year =          {2013},
  doi =           {10.1016/j.jocs.2013.01.005},
}
@article{Shalf2020,
  author =        {Shalf, John},
  journal =       {Philosophical Transactions of the Royal Society A},
  number =        {2166},
  pages =         {20190061},
  title =         {{The future of computing beyond Moore's Law}},
  volume =        {378},
  year =          {2020},
  doi =           {10.1098/rsta.2019.0061},
}
@article{Alexander2020,
  author =        {Alexander, Francis and Almgren, Ann and Bell, John and
                   Bhattacharjee, Amitava and Chen, Jacqueline and
                   Colella, Phil and Daniel, David and DeSlippe, Jack and
                   Diachin, Lori and Draeger, Erik and Dubey, Anshu and
                   Dunning, Thom and Evans, Thomas and Foster, Ian and
                   Francois, Marianne and Germann, Tim and Gordon, Mark and
                   Habib, Salman and Halappanavar, Mahantesh and
                   Hamilton, Steven and Hart, William and Huang, Zhenyu and
                   Hungerford, Aimee and Kasen, Daniel and
                   Kent, Paul R.C. and Kolev, Tzanio and
                   Kothe, Douglas B. and Kronfeld, Andreas and Luo, Ye and
                   Mackenzie, Paul and McCallen, David and
                   Messer, Bronson and Mniszewski, Sue and Oehmen, Chris and
                   Perazzo, Amedeo and Perez, Danny and Richards, David and
                   Rider, William J. and Rieben, Rob and Roche, Kenneth and
                   Siegel, Andrew and Sprague, Michael and Steefel, Carl and
                   Stevens, Rick and Syamlal, Madhava and Taylor, Mark and
                   Turner, John and Vay, Jean Luc and Voter, Artur F. and
                   Windus, Theresa L. and Yelick, Katherine},
  journal =       {Philosophical Transactions of the Royal Society A},
  number =        {2166},
  pages =         {20190056},
  title =         {{Exascale applications: Skin in the game}},
  volume =        {378},
  year =          {2020},
  doi =           {10.1098/rsta.2019.0056},
}
@article{McMullen2018,
  author =        {McMullen, Angus and Holmes-Cerfon, Miranda and
                   Sciortino, Francesco and Grosberg, Alexander Y. and
                   Brujic, Jasna},
  journal =       {Physical Review Letters},
  number =        {13},
  pages =         {138002},
  publisher =     {American Physical Society},
  title =         {{Freely Jointed Polymers Made of Droplets}},
  volume =        {121},
  year =          {2018},
  doi =           {10.1103/PhysRevLett.121.138002},
}
@article{Nguemaha2018,
  author =        {Nguemaha, Valery and Zhou, Huan Xiang},
  journal =       {Scientific Reports},
  number =        {1},
  pages =         {1--11},
  publisher =     {Springer US},
  title =         {{Liquid-Liquid Phase Separation of Patchy Particles
                   Illuminates Diverse Effects of Regulatory Components
                   on Protein Droplet Formation}},
  volume =        {8},
  year =          {2018},
  doi =           {10.1038/s41598-018-25132-1},
}
@article{Chen2018b,
  author =        {Chen, D. and Zhang, G. and Torquato, S.},
  journal =       {Journal of Physical Chemistry B},
  number =        {35},
  pages =         {8462--8468},
  title =         {{Inverse Design of Colloidal Crystals via Optimized
                   Patchy Interactions}},
  volume =        {122},
  year =          {2018},
  doi =           {10.1021/acs.jpcb.8b05627},
}
@article{Santra2018,
  author =        {Santra, Mantu and Singh, Rakesh S. and Bagchi, Biman},
  journal =       {Physical Review E},
  number =        {3},
  pages =         {032606},
  publisher =     {American Physical Society},
  title =         {{Polymorph selection during crystallization of a
                   model colloidal fluid with a free energy landscape
                   containing a metastable solid}},
  volume =        {98},
  year =          {2018},
  doi =           {10.1103/PhysRevE.98.032606},
}
@article{Mokkonen2016,
  author =        {M{\"{o}}kk{\"{o}}nen, Harri and Ala-Nissila, Tapio and
                   J{\'{o}}nsson, Hannes},
  journal =       {The Journal of Chemical Physics},
  number =        {9},
  pages =         {094901},
  title =         {{Efficient dynamical correction of the transition
                   state theory rate estimate for a flat energy
                   barrier}},
  volume =        {145},
  year =          {2016},
  doi =           {10.1063/1.4962167},
}
@book{Wriggers2006,
  address =       {Berlin, Heidelberg},
  author =        {Wriggers, Peter},
  publisher =     {Springer Berlin Heidelberg},
  title =         {{Computational Contact Mechanics}},
  year =          {2006},
  doi =           {10.1007/978-3-540-32609-0},
}
@article{Page1988,
  author =        {Page, Michael and McIver, James W.},
  journal =       {The Journal of Chemical Physics},
  number =        {2},
  pages =         {922--935},
  title =         {{On evaluating the reaction path Hamiltonian}},
  volume =        {88},
  year =          {1988},
  doi =           {10.1063/1.454172},
}
@article{Liu1989,
  author =        {Liu, Dong C. and Nocedal, Jorge},
  journal =       {Mathematical Programming},
  pages =         {503--528},
  title =         {{On the limited memory bfgs method for large scale
                   optimization}},
  volume =        {45},
  year =          {1989},
}
@article{Wales2002,
  author =        {Wales, David J.},
  journal =       {Molecular Physics},
  number =        {2},
  pages =         {3285--3305},
  title =         {{Discrete path sampling}},
  volume =        {100},
  year =          {2002},
  doi =           {10.1080/00268970210162691},
}
@article{Passerone2001,
  author =        {Passerone, Daniele and Parrinello, Michele},
  journal =       {Physical Review Letters},
  number =        {10},
  pages =         {108302},
  title =         {{Action-Derived Molecular Dynamics in the Study of
                   Rare Events}},
  volume =        {87},
  year =          {2001},
  doi =           {10.1103/PhysRevLett.87.108302},
}
@article{Virot2017,
  author =        {Virot, Emmanuel and Kreilos, Tobias and
                   Schneider, Tobias M. and Rubinstein, Shmuel M.},
  journal =       {Physical Review Letters},
  number =        {22},
  pages =         {224101},
  title =         {{Stability Landscape of Shell Buckling}},
  volume =        {119},
  year =          {2017},
  doi =           {10.1103/PhysRevLett.119.224101},
}
@article{Kusumaatmaja2006,
  author =        {Kusumaatmaja, H. and L{\'{e}}opold{\`{e}}s, J. and
                   Dupuis, A. and Yeomans, J. M.},
  journal =       {Europhysics Letters},
  number =        {5},
  pages =         {740--746},
  title =         {{Drop dynamics on chemically patterned surfaces}},
  volume =        {73},
  year =          {2006},
  doi =           {10.1209/epl/i2005-10452-0},
}
@article{Brown2016,
  author =        {Brown, Philip S. and Bhushan, Bharat},
  journal =       {Philosophical Transactions of the Royal Society A},
  number =        {2073},
  pages =         {20160135},
  title =         {{Bioinspired materials for water supply and
                   management: water collection, water purification and
                   separation of water from oil}},
  volume =        {374},
  year =          {2016},
  doi =           {10.1098/rsta.2016.0135},
}
@article{Lee2018,
  author =        {Lee, Christopher T. and Amaro, Rommie E.},
  journal =       {Computing in Science {\&} Engineering},
  number =        {5},
  pages =         {18--25},
  title =         {{Exascale Computing: A New Dawn for Computational
                   Biology}},
  volume =        {20},
  year =          {2018},
  doi =           {10.1109/MCSE.2018.05329812},
}
@article{Kolev2021,
  author =        {Kolev, Tzanio and Fischer, Paul and Min, Misun and
                   Dongarra, Jack and Brown, Jed and Dobrev, Veselin and
                   Warburton, Tim and Tomov, Stanimire and
                   Shephard, Mark S. and Abdelfattah, Ahmad and
                   Barra, Valeria and Beams, Natalie and
                   Camier, Jean-Sylvain and Chalmers, Noel and
                   Dudouit, Yohann and Karakus, Ali and Karlin, Ian and
                   Kerkemeier, Stefan and Lan, Yu-Hsiang and
                   Medina, David and Merzari, Elia and Obabko, Aleksandr and
                   Pazner, Will and Rathnayake, Thilina and
                   Smith, Cameron W. and Spies, Lukas and
                   Swirydowicz, Kasia and Thompson, Jeremy and
                   Tomboulides, Ananias and Tomov, Vladimir},
  journal =       {The International Journal of High Performance
                   Computing Applications},
  number =        {6},
  pages =         {527--552},
  title =         {{Efficient exascale discretizations: High-order
                   finite element methods}},
  volume =        {35},
  year =          {2021},
  doi =           {10.1177/10943420211020803},
}
@article{Brakke1992,
  author =        {Brakke, Kenneth A.},
  journal =       {Experimental Mathematics},
  number =        {2},
  pages =         {141--165},
  title =         {{The Surface Evolver}},
  volume =        {1},
  year =          {1992},
  doi =           {10.1080/10586458.1992.10504253},
}
@article{Kirkpatrick1983,
  author =        {Kirkpatrick, S and Gelatt, C D and Vecchi, M P},
  journal =       {Science},
  pages =         {671--680},
  title =         {{Optimization By Simulated Annealing}},
  volume =        {220},
  year =          {1983},
  doi =           {10.1126/science.220.4598.671},
}
@article{Lee1994,
  author =        {Lee, Nam-Sua and Bathe, Klaus-J{\:{u}}rgen},
  journal =       {Finite Elements in Analysis and Design},
  pages =         {99--139},
  title =         {{Error indicators and adaptive remeshing in large deformation finite element analysis}},
  volume =        {16},
  year =          {1994},
  doi =           {10.1016/0021-9991(87)90093-3},
}
@article{Henkelman2000a,
  author =        {Henkelman,Graeme  and Uberuaga,Blas P.  and Jónsson,Hannes },
  title =         {{A climbing image nudged elastic band method for finding saddle points and minimum energy paths}},
  journal =       {The Journal of Chemical Physics},
  volume =        {113},
  number =        {22},
  pages =         {9901-9904},
  year =          {2000},
  doi =           {10.1063/1.1329672},
}
@article{Sheppard2008,
   author = {Daniel Sheppard and Rye Terrell and Graeme Henkelman},
   doi = {10.1063/1.2841941},
   issn = {0021-9606},
   issue = {13},
   journal = {The Journal of Chemical Physics},
   month = {4},
   pages = {134106},
   title = {Optimization methods for finding minimum energy paths},
   volume = {128},
   year = {2008},
}
@article{Koslover2007,
   author = {Elena F. Koslover and David J. Wales},
   doi = {10.1063/1.2767621},
   issn = {0021-9606},
   issue = {13},
   journal = {The Journal of Chemical Physics},
   month = {10},
   pages = {134102},
   title = {Comparison of double-ended transition state search methods},
   volume = {127},
   year = {2007},
}
@article{Zimmerman2013,
   author = {Paul Zimmerman},
   doi = {10.1021/ct400319w},
   issn = {1549-9618},
   issue = {7},
   journal = {Journal of Chemical Theory and Computation},
   month = {7},
   pages = {3043-3050},
   title = {Reliable Transition State Searches Integrated with the Growing String Method},
   volume = {9},
   year = {2013},
}
